%link on BibTeX:
%https://en.wikibooks.org/wiki/LaTeX/Bibliography_Management#BibTeX

%links on the IEEE reference system:
% www.ieee.org/documents/ieeecitationref.pdf
% http://guides.lib.chalmers.se/IEEE_guide



@article{example_article,
    author    = "Last Name, First Name(s) and Second, Author",
    title     = "Lorem Ipsum",
    journal   = "Some Journal",
    volume    = "42",
    year      = "2042",
}

@book{Physics_Handbook,
    author    = "Nordling, Carl and Österman, Jonny",
    title     = "{P}ysics {H}andbook for {S}cience and {E}ngineering",
    year      = "2006",
    edition   = "8:6",
    publisher = "Studentlitteratur",
}

@book{BETA,
    author    = "Råde, Lennart and Westergren, Bertil",
    title     = "{M}athematics {H}andbook for {S}cience and {E}ngineering",
    year      = "2004",
    edition   = "5:12",
    publisher = "Studentlitteratur",
    note      = "Informally known as ''{BETA}''",
}

